<?xml version="1.0" encoding="UTF-8"?><collection xmlns="http://www.loc.gov/MARC21/slim"><record><leader>00330nam--2200121-i-4500</leader><controlfield tag="001">000001987</controlfield><controlfield tag="002">20161230</controlfield><controlfield tag="005">20161230201024</controlfield><controlfield tag="008">060222s1000------------r-----000-0-eng-d</controlfield><datafield ind1=" " ind2=" " tag="100"><subfield code="a">Donaldson, Norman</subfield></datafield><datafield ind1=" " ind2=" " tag="245"><subfield code="a">The chemistry and technology of naphtalene compounds</subfield></datafield><datafield ind1=" " ind2=" " tag="260"><subfield code="a">London, Edward Arnold, 1958. Xv + 512 P</subfield></datafield><datafield ind1=" " ind2=" " tag="852"><subfield code="a">14797</subfield></datafield></record></collection>